<record><leader>00000cas a22000007a 4500</leader><controlfield tag="001">15794839</controlfield><controlfield tag="008">870601d18471850njuwr ne      0    0eng d</controlfield><datafield ind1=" " ind2=" " tag="010"><subfield code="a">sn 87068044 </subfield></datafield><datafield ind1=" " ind2=" " tag="040"><subfield code="a">NJW</subfield><subfield code="b">eng</subfield><subfield code="c">NJW</subfield><subfield code="d">OCLCQ</subfield></datafield><datafield ind1=" " ind2=" " tag="042"><subfield code="a">msc</subfield></datafield><datafield ind1="0" ind2="0" tag="245"><subfield code="a">Camden ph&#339;nix.</subfield></datafield><datafield ind1=" " ind2=" " tag="260"><subfield code="a">Camden, N.J. :</subfield><subfield code="b">Henry Curts</subfield></datafield><datafield ind1=" " ind2=" " tag="310"><subfield code="a">Weekly</subfield></datafield><datafield ind1="1" ind2=" " tag="362"><subfield code="a">Began in 1847; ceased in 1850.</subfield></datafield><datafield ind1=" " ind2=" " tag="588"><subfield code="a">Description based on: New ser., v. 1, no. 8 (Nov. 13, 1847).</subfield></datafield><datafield ind1=" " ind2=" " tag="752"><subfield code="a">United States</subfield><subfield code="b">New Jersey</subfield><subfield code="c">Camden</subfield><subfield code="d">Camden.</subfield></datafield><datafield ind1="0" ind2="0" tag="780"><subfield code="t">Phoenix, and farmers' and mechanics' advocate</subfield><subfield code="w">(DLC)sn 85035967</subfield><subfield code="w">(OCoLC)13200516</subfield></datafield><datafield ind1="0" ind2="0" tag="785"><subfield code="t">Camden semiweekly phoenix, and West Jersey democratic journal</subfield><subfield code="w">(DLC)sn 84020433</subfield><subfield code="w">(OCoLC)10772991</subfield></datafield></record>